@misc{HTTP_RFC7230,
	title        = {Hypertext Transfer Protocol (HTTP/1.1): Message Syntax and Routing},
	howpublished = "Режим доступа: \url{https://tools.ietf.org/html/rfc7230} (дата обращения: 03.04.2024)"
}

@phdthesis{Fielding2000,
	author       = {Fielding, Roy T.},
	title        = {Architectural Styles and the Design of Network-based Software Architectures},
	publisher = {--~Irvine, CA, USA:~University of California},
	year         = {2000}
}

@misc{Swagger,
	title     = {Swagger — OpenAPI Specification},
	howpublished = "Режим доступа:  \url{https://swagger.io/specification/} (дата обращения: 03.04.2024)" ,
}


@misc{intel,
	title = "Документация процессора Intel Core i5-10210U [Электронный ресурс]",
	howpublished="Режим доступа: \url{https://ark.intel.com/content/www/us/en/ark/products/195436/intel-core-i510210u-processor-6m-cache-up-to-4-20-ghz.html} (Дата обращения: 17.10.2024)",
}

@misc{macos,
	author    = {{Apple Inc.}},
	title        = {macOS 14 Sonoma},
	howpublished = "Режим доступа: \url{https://www.apple.com/macos/sonoma/}  (дата обращения: 09.04.2025)"
}

@misc{postgresql,
	author       = {PostgreSQL Global Development, Group},
	title        = {PostgreSQL: The world's most advanced open source database},
	howpublished = "Режим доступа: \url{https://www.postgresql.org/} (дата обращения: 27.03.2025)"
}

@misc{swift,
	author    = {Apple, Inc},
	title     = {Swift Programming Language},
	howpublished = "Режим доступа: \url{https://swift.org} (дата обращения: 27.03.2025)"
}

@misc{redis,
	author       = {Salvatore Sanfilippo},
	title        = {Redis: A persistent key-value database},
	howpublished = "Режим доступа: \url{https://redis.io/} (дата обращения: 27.03.2025)"
}

@misc{DBEnginesRanking,
	title = {Рейтинг систем управления базами данных (DB-Engines)},
	howpublished = "Режим доступа: \url{https://db-engines.com/en/ranking} (дата обращения: 25.03.2025)"
}

@misc{xcode,
	author    = {Apple, Inc},
	title     = {Xcode},
	year      = {2025},
	howpublished = "Режим доступа: \url{https://developer.apple.com/xcode/} (дата обращения: 26.03.2025)"
}

@misc{pgadmin4,
	author    = {pgAdmin Development, Team},
	title     = {pgAdmin 4},
	howpublished = "Режим доступа: \url{https://www.pgadmin.org/} (дата обращения: 26.03.2025)"
}


@article{Kodd1970,
	language = {english},
	author    = {Codd, E. F.},
	title     = {A Relational Model of Data for Large Shared Data Banks},
	journal   = {Communications of the ACM},
	year      = {1970},
	volume    = {13},
	number    = {6},
	pages     = {377--387}
}


@book{IHRSA2019,
	language = {english},
	author       = {IHRSA},
	title        = {The 2019 IHRSA Global Report},
	year         = {2019},
	publisher = {--~Boston, MA, USA: Racquet and Sportsclub Associatio}
}

@book{Gray1981,
	language = {english},
	author    = {Gray, J.},
	title     = {The Transaction Concept: Virtues and Limitations},
	year      = {1981},
	publisher = {-- Cupertino, CA, USA: Tandem Computers Incorporated},
}

@article{leonquismondo2020service,
	language = {english},
	author = {León-Quismondo, J.},
	title = {Service Perceptions in Fitness Centers: IPA Approach by Gender and Age / León-Quismondo J.,  García-Unanue J., and Burillo P.},
	journal = {International Journal of Environmental Research and Public Health},
	year = {2020},
	volume = {17},
	number = {8},
	pages = {2844}
}

@book{bates2019health,
	language = {english},
	author    = {Bates, M.},
	title     = {Health Fitness Management: A Comprehensive Resource for Managing and Operating Programs and Facilities},
	edition   = {2nd},
	year      = {2019},
	publisher = {--~Champaign, IL, USA:~Human Kinetics},
}

@book{Avrunyev2018,
	language = {russian},
	author    = {Аврунев О. Е., Стасышин В. М.},
	title     = {Модели баз данных},
	publisher = {-- Новосибирск: Новосибирский государственный технический университет},
	year      = {2018}
}